@online{lod,
    author = {Bernadette Hyland, Ghislain Atemezing, Michael Pendleton and Biplav Srivastava},
    year = {2013},
    title = {{Linked Data Glossary.}},
    url  = {https://dvcs.w3.org/hg/gld/raw-file/default/glossary/index.html\#linked-open-data},
}

@online{wikidata,
	author = {{Wikidata}},
	title = {{Wikidata}},
	url = {https://www.wikidata.org/wiki/Wikidata:Main_Page},
}

@online{bring,
	author = {{Bring AS}},
	title = {{Bring AS}},
	url = {https://www.bring.no/},
}

@online{statensvegvesen,
	author = {{Statens vegvesen}},
	title = {{Statens vegvesen}},
	url = {https://www.vegvesen.no/en/},
}

@online{semantic,
    author = {{World Wide Web Consortium}},
    title = {{Semantic Web.}},
    url  = {https://www.w3.org/standards/semanticweb/},
}

@online{sparql,
    author = {{Steve Harris, Andy Seaborne}},
    title = {{SPARQL 1.1 Query Language.}},
    url  = {https://www.w3.org/TR/sparql11-query/},
}

@online{owl,
    author = {{W3C OWL Working Group}},
    year = {2012},
    title = {{OWL 2 Web Ontology Language.}},
    url  = {https://www.w3.org/TR/owl2-overview/},
}

@online{turtle,
    author = {{David Beckett, Tim Berners-Lee, Eric Prud'hommeaux and Gavin Carothers}},
    year = {2014},
    title = {{RDF 1.1 Turtle.}},
    url  = {https://www.w3.org/TR/turtle/},
}

@online{rdf,
    author = {{Frank Manola, Eric Miller, Brian McBride}},
    year = {2014},
    title = {{RDF 1.1 Primer.}},
    url  = {https://www.w3.org/TR/rdf11-primer/},
}

@online{semicolon,
    author = {{The Semicolon Project}},
    title = {{Semicolon - samhandling i offentlig sector.}},
    url  = {https://www.semicolon.no/},
}

@article{ontology,
  author    = {{Natalya F. Noy and Deborah L. McGuinness}},
  title     = {{Ontology Development 101: A Guide to Creating Your First Ontology}},
}


% Human Surveillance performance
@incollection{4761655,
author = {N. Sulman and T. Sanocki and D. Goldgof and R. Kasturi},
booktitle = {2008 19th International Conference on Pattern Recognition},
title = {How effective is human video surveillance performance?},
year = {2008},
doi = {10.1109/ICPR.2008.4761655},
ISSN = {1051-4651},
month = {12}
}

% R-CNN
@InProceedings{Girshick_2014_CVPR,
author = {Girshick, Ross and Donahue, Jeff and Darrell, Trevor and Malik, Jitendra},
title = {Rich Feature Hierarchies for Accurate Object Detection and Semantic Segmentation},
booktitle = {The IEEE Conference on Computer Vision and Pattern Recognition (CVPR)},
month = {06},
year = {2014}
}

% Fast R-CNN
@InProceedings{Girshick_2015_ICCV,
author = {Girshick, Ross},
title = {Fast R-CNN},
booktitle = {The IEEE International Conference on Computer Vision (ICCV)},
month = {12},
year = {2015}
}

% Faster R-CNN
@incollection{NIPS2015_5638,
title = {{Faster R-CNN: Towards Real-Time Object Detection with Region Proposal Networks}},
author = {Ren, Shaoqing and He, Kaiming and Girshick, Ross and Sun, Jian},
booktitle = {Advances in Neural Information Processing Systems 28},
editor = {C. Cortes and N. D. Lawrence and D. D. Lee and M. Sugiyama and R. Garnett},
pages = {91--99},
year = {2015},
publisher = {Curran Associates, Inc.},
url = {http://papers.nips.cc/paper/5638-faster-r-cnn-towards-real-time-object-detection-with-region-proposal-networks.pdf}
}

% YOLO
@article{DBLP:journals/corr/RedmonDGF15,
  author    = {Joseph Redmon and
               Santosh Kumar Divvala and
               Ross B. Girshick and
               Ali Farhadi},
  title     = {You Only Look Once: Unified, Real-Time Object Detection},
  year      = {2015},
  url       = {http://arxiv.org/abs/1506.02640},
  archivePrefix = {arXiv},
  timestamp = {Mon, 13 Aug 2018 16:48:08 +0200},
}

% YOLOv3
@article{DBLP:journals/corr/abs-1804-02767,
  author    = {Joseph Redmon and
               Ali Farhadi},
  title     = {YOLOv3: An Incremental Improvement},
  year      = {2018},
  url       = {http://arxiv.org/abs/1804.02767},
  archivePrefix = {arXiv},
  timestamp = {Mon, 13 Aug 2018 16:48:24 +0200},
}

% Github: Darknet - Improving object detection
@online{ghdn1,
    author = {Alexey},
    year = {2018},
    title = {{Darknet - How to improve object detection.}},
    url  = {https://github.com/AlexeyAB/darknet/#how-to-improve-object-detection},
}

% Github: Darknet - Main page
@online{ghdn2,
    author = {Alexey},
    year = {2018},
    title = {{Darknet - Windows and Linux version.}},
    url  = {https://github.com/AlexeyAB/darknet},
}

% Github: Darknet - Tiny YOLO
@online{ghdn3,
    author = {Alexey},
    year = {2018},
    title = {{Darknet - Training Tiny YOLO.}},
    url  = {https://github.com/AlexeyAB/darknet/#how-to-train-tiny-yolo-to-detect-your-custom-objects},
}

% Github: YOLO mark - Annotation tool
@online{ghym,
    author = {Alexey},
    year = {2018},
    title = {{Yolo\_mark, GUI tool for annotation.}},
    url  = {https://github.com/AlexeyAB/Yolo_mark},
}

% Image augmentation
@online{imau,
    author = {Alexander Jung},
    year = {2018},
    title = {{Image augmentation for machine learning experiments.}},
    url  = {https://github.com/aleju/imgaug},
}

% Darknet webpage
@online{darknet13,
  author = {Joseph Redmon},
  title = {{Darknet: Open Source Neural Networks in C.}},
  url = {https://pjreddie.com/darknet},
  year = {2013}
}

% Transfer learning
@online{transflearn,
    author={Weiss, Khoshgoftaar and Wang},
    title={A survey of transfer learning},
    url={https://journalofbigdata.springeropen.com/articles/10.1186/s40537-016-0043-6},
    year={2016}
}

% Object detection theory
@online{cnntheory,
    author={Rohith Gandhi},
    title={{R-CNN, Fast R-CNN, Faster R-CNN, YOLO â€” Object Detection Algorithms}},
    url={https://towardsdatascience.com/r-cnn-fast-r-cnn-faster-r-cnn-yolo-object-detection-algorithms-36d53571365e},
    year={2018}
}

% Retina Net
@article{retnet,
  author    = {Tsung{-}Yi Lin and
               Priya Goyal and
               Ross B. Girshick and
               Kaiming He and
               Piotr Doll{\'{a}}r},
  title     = {Focal Loss for Dense Object Detection},
  journal   = {CoRR},
  volume    = {abs/1708.02002},
  year      = {2017},
  url       = {http://arxiv.org/abs/1708.02002},
  archivePrefix = {arXiv},
  eprint    = {1708.02002}
}

%Single Shot MultiBox Detector
@article{ssd,
  author    = {Wei Liu and
               Dragomir Anguelov and
               Dumitru Erhan and
               Christian Szegedy and
               Scott E. Reed and
               Cheng{-}Yang Fu and
               Alexander C. Berg},
  title     = {{SSD:} Single Shot MultiBox Detector},
  journal   = {CoRR},
  volume    = {abs/1512.02325},
  year      = {2015},
  url       = {http://arxiv.org/abs/1512.02325},
  archivePrefix = {arXiv},
  eprint    = {1512.02325}
}

% Rich feature hierarchies
@article{DBLP:journals/corr/GirshickDDM13,
  author    = {Ross B. Girshick and
               Jeff Donahue and
               Trevor Darrell and
               Jitendra Malik},
  title     = {Rich feature hierarchies for accurate object detection and semantic segmentation},
  journal   = {CoRR},
  volume    = {abs/1311.2524},
  year      = {2013},
  url       = {http://arxiv.org/abs/1311.2524},
  archivePrefix = {arXiv},
  eprint    = {1311.2524},
  timestamp = {Mon, 13 Aug 2018 16:48:09 +0200},
  biburl    = {https://dblp.org/rec/bib/journals/corr/GirshickDDM13},
  bibsource = {dblp computer science bibliography, https://dblp.org}
}

% Closer look at YOLOv3
@online{cail,
  author = {CyberAILab},
  title = {{A Closer Look at YOLOv3}},
  url = {https://www.cyberailab.com/home/a-closer-look-at-yolov3},
  year = {2018}
}

% Randomize test set tool
@online{randomizetest,
  author = {Eivind Lindseth},
  title = {{Randomize test set tool}},
  url = {https://github.com/eili/ikt442/blob/master/Pythontools/Randomizetestset.ipynb},
  year = {2018}
}

% Augmentation tool
@online{augtool,
  author = {Eivind Lindseth},
  title = {{Augmentation tool}},
  url = {https://github.com/eili/ikt442/blob/master/Pythontools/Image_augmentation.ipynb},
  year = {2018}
}

% Check weights tool
@online{checkweightstool,
  author = {Eivind Lindseth},
  title = {{Check weights tool}},
  url = {https://github.com/eili/ikt442/blob/master/Pythontools/check_weights.ipynb},
  year = {2018}
}

% Intersection over Union
@online{iou1,
  author = {Adrian Rosebrock},
  title = {{Intersection over Union illustration}},
  url = {https://www.pyimagesearch.com/2016/11/07/intersection-over-union-iou-for-object-detection},
  year = {2016}
}

% A friendly intro to CNN
@online{hashr,
  author = {Ifu Aniemeka},
  title = {{A Friendly Introduction to CNN}},
  url = {https://hashrocket.com/blog/posts/a-friendly-introduction-to-convolutional-neural-networks},
  year = {2017}
}

% Learning Rates
@online{learningrate,
  author = {Hafidz Zulkifli},
  title = {{Understanding Learning Rates and How It Improves Performance in Deep Learning}},
  url = {https://towardsdatascience.com/understanding-learning-rates-and-how-it-improves-performance-in-deep-learning-d0d4059c1c10},
  year = {2018}
}

% CAVIAR data set
@online{caviardataset,
  author = {Robert Fisher},
  title = {{Context Aware Vision using Image-based Active Recognition}},
  url = {http://homepages.inf.ed.ac.uk/rbf/CAVIAR/},
  year = {2003, 2004}
}

% VOC 2007
@online{voc2007dataset,
  author = {Everingham, M. and Van~Gool, L. and Williams, C. K. I. and Winn, J. and Zisserman, A.},
  title = {{The {PASCAL} {V}isual {O}bject {C}lasses {C}hallenge 2007 {(VOC2007)} {R}esults}},
  url = {http://host.robots.ox.ac.uk/pascal/VOC/voc2007/index.html},
  year = {2007}
}

% VOC 2012
@online{voc2012dataset,
  author = {Everingham, M. and Van~Gool, L. and Williams, C. K. I. and Winn, J. and Zisserman, A.},
  title = {{The {PASCAL} {V}isual {O}bject {C}lasses {C}hallenge 2012 {(VOC2012)} {R}esults}},
  url = {http://host.robots.ox.ac.uk/pascal/VOC/voc2012/index.html},
  year = {2012}
}

% Earth cam
@online{earthcamdata,
  title = {{EarthCam, Inc, USA}},
  url = {https://www.earthcam.com/usa/newyork/timessquare/?cam=tsstreet},
  year = {2018}
}

% Town centre data set
@online{towncenterdata,
  title = {{Town Centre Dataset, Department of Engineering Science, University of Oxford}},
  url = {http://www.robots.ox.ac.uk/~lav/Research/Projects/2009bbenfold_headpose/project.html},
  year = {2009}
}

% COCO
@online{coco,
  title = {{Common Objects in Context homepage}},
  url = {http://cocodataset.org},
}

% VOC
@online{voc,
  title = {{PASCAL Visual Object Classes homepage}},
  url = {http://host.robots.ox.ac.uk/pascal/VOC/},
}

% VOC challenge report
@online{vocreport,
  author = {Everingham, M. and Van~Gool, L. and Williams, C. K. I. and Winn, J. and Zisserman, A.},
  title = {{PASCAL Visual Object Classes challenge}},
  url = {http://host.robots.ox.ac.uk/pascal/VOC/pubs/everingham10.pdf},
  year = {2009}
}

@online{yoloaugm,
  title = {{YOLO automatic augmentation}},
  url = {https://github.com/AlexeyAB/darknet/blob/65e430588d76adbcf435db6b2e3aec791de651d0/src/data.c#L776-L784},
}

@online{afp,
  title = {{AFP Photos}},
  url = {http://t.co/B0FkCHbsD5},
}

%GoogleNet
@inproceedings{43022,
title	= {Going Deeper with Convolutions},
author	= {Christian Szegedy and Wei Liu and Yangqing Jia and Pierre Sermanet and Scott Reed and Dragomir Anguelov and Dumitru Erhan and Vincent Vanhoucke and Andrew Rabinovich},
year	= {2015},
URL	= {http://arxiv.org/abs/1409.4842},
booktitle	= {Computer Vision and Pattern Recognition (CVPR)}
}
